@INPROCEEDINGS{1624028, 
author={Bittau, A. and Handley, M. and Lackey, J.}, 
booktitle={Security and Privacy, 2006 IEEE Symposium on}, 
title={The final nail in WEP's coffin}, 
year={2006}, 
pages={15 pp.-400}, 
keywords={cryptography;wireless LAN;802.11 encryption standard;WEP network;WEP re-keying;Wired Equivalent Privacy;data packet real-time decryption;Cryptography;Educational institutions;Hardware;History;Monitoring;Nails;Privacy;Protection;Security;Wireless networks}, 
doi={10.1109/SP.2006.40}, 
ISSN={1081-6011},}